%YAML 1.1
%TAG !u! tag:unity3d.com,2011:
--- !u!1 &1073697454325316
GameObject:
  m_ObjectHideFlags: 0
  m_CorrespondingSourceObject: {fileID: 0}
  m_PrefabInstance: {fileID: 0}
  m_PrefabAsset: {fileID: 0}
  serializedVersion: 6
  m_Component:
  - component: {fileID: 4092439804434976}
  - component: {fileID: 114631512061875406}
  - component: {fileID: 114878926358154640}
  - component: {fileID: 2597403061755763755}
  - component: {fileID: 114278849330561522}
  m_Layer: 0
  m_Name: _GM
  m_TagString: GM
  m_Icon: {fileID: 0}
  m_NavMeshLayer: 0
  m_StaticEditorFlags: 0
  m_IsActive: 1
--- !u!4 &4092439804434976
Transform:
  m_ObjectHideFlags: 0
  m_CorrespondingSourceObject: {fileID: 0}
  m_PrefabInstance: {fileID: 0}
  m_PrefabAsset: {fileID: 0}
  m_GameObject: {fileID: 1073697454325316}
  m_LocalRotation: {x: 0, y: 0, z: 0, w: 1}
  m_LocalPosition: {x: 0, y: 0, z: 0}
  m_LocalScale: {x: 1, y: 1, z: 1}
  m_Children: []
  m_Father: {fileID: 0}
  m_RootOrder: 0
  m_LocalEulerAnglesHint: {x: 0, y: 0, z: 0}
--- !u!114 &114631512061875406
MonoBehaviour:
  m_ObjectHideFlags: 0
  m_CorrespondingSourceObject: {fileID: 0}
  m_PrefabInstance: {fileID: 0}
  m_PrefabAsset: {fileID: 0}
  m_GameObject: {fileID: 1073697454325316}
  m_Enabled: 1
  m_EditorHideFlags: 0
  m_Script: {fileID: 11500000, guid: e6c95546c56cf694980eace1e0fe73a3, type: 3}
  m_Name: 
  m_EditorClassIdentifier: 
  items:
  - prefab: {fileID: 1846099642286358, guid: 5f65e350d5d5da141a4393ba848a1466, type: 3}
    sprite: {fileID: 21300000, guid: 0ae9b6007cc6149a39bda33f206d9116, type: 3}
  - prefab: {fileID: 1989235202197250, guid: 03cba6f389b3d1c44b344bbe2b66369b, type: 3}
    sprite: {fileID: 21300000, guid: 2d11ffd5837c9c94ea778c2c23d25f0c, type: 3}
  - prefab: {fileID: 0}
    sprite: {fileID: 21300000, guid: 5d1d93e6b33032d4eb44584ce249e5e1, type: 3}
  - prefab: {fileID: 1957419544883814, guid: 4658b2dacffeae24890ddc1dbd2e7f5e, type: 3}
    sprite: {fileID: 21300000, guid: d14e1713e89ee49979c7fa511ca9311d, type: 3}
  - prefab: {fileID: 1062636141044090, guid: 43f87debd2325cb41b85536612121328, type: 3}
    sprite: {fileID: 21300000, guid: 0ae9b6007cc6149a39bda33f206d9116, type: 3}
  - prefab: {fileID: 0}
    sprite: {fileID: 21300000, guid: 1480de276988813d4a437e026ca452e6, type: 3}
  - prefab: {fileID: 1296739219322512, guid: 695675c97e2e447f1afc2a18d4260b74, type: 3}
    sprite: {fileID: 21300000, guid: 0ae9b6007cc6149a39bda33f206d9116, type: 3}
  - prefab: {fileID: 1643742800431518, guid: 74be626316e264d64a78b91aba0c509b, type: 3}
    sprite: {fileID: 21300000, guid: 8f392bb93ec7548b8a862724efe2dd3b, type: 3}
  - prefab: {fileID: 1437823379170692, guid: 6d533421487c04a529ed40b2a78a8552, type: 3}
    sprite: {fileID: 21300000, guid: 1a75b54fadd8f42f0ad014626f7e93a0, type: 3}
  - prefab: {fileID: 0}
    sprite: {fileID: 21300000, guid: 0ae9b6007cc6149a39bda33f206d9116, type: 3}
  - prefab: {fileID: 1567186560063308, guid: a8f6793c8e9df470495b40dcfb406136, type: 3}
    sprite: {fileID: 21300000, guid: 073df784c595643b6bf0c9824a3fb385, type: 3}
  - prefab: {fileID: 1425830308078762, guid: dc7a0bcb08504476cbeab06e445513ef, type: 3}
    sprite: {fileID: 21300000, guid: 7abe0348516dc4d928e9c1ed4ef820a5, type: 3}
  - prefab: {fileID: 0}
    sprite: {fileID: 21300000, guid: f569432215aa7491db93144ffee5c33c, type: 3}
  - prefab: {fileID: 0}
    sprite: {fileID: 0}
  - prefab: {fileID: 0}
    sprite: {fileID: 0}
  - prefab: {fileID: 0}
    sprite: {fileID: 21300000, guid: 072ab16bd88e94bfd9380efa0705ecc5, type: 3}
  - prefab: {fileID: 0}
    sprite: {fileID: 0}
  - prefab: {fileID: 1908868371629012, guid: 34d262a366caa46d99aed74cac63b1f2, type: 3}
    sprite: {fileID: 21300000, guid: 15d152cab1db94340a6d89585be06410, type: 3}
  - prefab: {fileID: 1200947793599470, guid: 4a417cf820e98483cb8e24ea6a0addee, type: 3}
    sprite: {fileID: 21300000, guid: 79a526763527d49d9aebac9cae5f7916, type: 3}
  - prefab: {fileID: 1696375617001728, guid: 790c6a8f6c99f4ea188ab75eedaedc64, type: 3}
    sprite: {fileID: 21300000, guid: e67e87fdfe7504ad785be97bdf0a5c39, type: 3}
  - prefab: {fileID: 1075391820370122, guid: 0485ec09a9ee94518941379f5afa4451, type: 3}
    sprite: {fileID: 21300000, guid: 61c8f1be53574448e9a8d85c8e8793d3, type: 3}
  - prefab: {fileID: 1635519546450852, guid: 23a216b751e474d15b7348697c6e8852, type: 3}
    sprite: {fileID: 21300000, guid: 4eca0592b0c3b46c6ae49bdd98480d25, type: 3}
  - prefab: {fileID: 0}
    sprite: {fileID: 21300000, guid: 51b9b44906447ad37b1dd3ff74bce080, type: 3}
  - prefab: {fileID: 3882386244245652333, guid: c7c800e40deb87594a07598a1f055e02,
      type: 3}
    sprite: {fileID: 21300000, guid: da243527c16a55304bb0dcfbccf873a1, type: 3}
  - prefab: {fileID: 0}
    sprite: {fileID: 21300000, guid: 179691e73ce2dd014a01e0e635e08515, type: 3}
  - prefab: {fileID: 0}
    sprite: {fileID: 21300000, guid: 4daf268ba7797e10ea41b213a65ed17d, type: 3}
  - prefab: {fileID: 0}
    sprite: {fileID: 21300000, guid: fc4c3e60e239348fb88c784b29c2db12, type: 3}
  - prefab: {fileID: 0}
    sprite: {fileID: 21300000, guid: 2887eb4efa3893236af16a25fc30902a, type: 3}
  - prefab: {fileID: 0}
    sprite: {fileID: 21300000, guid: 5c45870b8902743029c42cf46d21d46e, type: 3}
  - prefab: {fileID: 8856766882836546315, guid: 935df26aa96865576b38ff84035f51e8,
      type: 3}
    sprite: {fileID: 21300000, guid: eafa6698e4d898159bf6aa7e2157e493, type: 3}
  - prefab: {fileID: 2168966039263921254, guid: c6800121bef591f32926929b1b2a514e,
      type: 3}
    sprite: {fileID: 21300000, guid: c13288b3a7b4cdf9ba4ac09791bf9b23, type: 3}
  - prefab: {fileID: 0}
    sprite: {fileID: 21300000, guid: 0a4ba36dcd63436e48515cef5497a048, type: 3}
  - prefab: {fileID: 0}
    sprite: {fileID: 21300000, guid: 0a459bd4f43cbe3eca4632d8d0b44f29, type: 3}
  - prefab: {fileID: 0}
    sprite: {fileID: 21300000, guid: c3201e49ce531c94eb390b715ccf6442, type: 3}
  - prefab: {fileID: 8827396988377149939, guid: 0a53666a2d094fa7eb4cf7654fc41d46,
      type: 3}
    sprite: {fileID: 21300000, guid: 639b00e7e333c8eaaa33dc4d957a088e, type: 3}
  - prefab: {fileID: 292752328033129238, guid: 53945d08a8e1f9c11b9e87f6db4b047c, type: 3}
    sprite: {fileID: 21300000, guid: 74af390f0ffd7aa96a0830d6aee55bf7, type: 3}
  - prefab: {fileID: 7267302971483930696, guid: d995498a59d0ea86685c70b1844b651d,
      type: 3}
    sprite: {fileID: 21300000, guid: 267d31189608198f798d35067e2a8fdf, type: 3}
  - prefab: {fileID: 4186982726971200769, guid: 88aa51b10267f0fcdad777d4c188afff,
      type: 3}
    sprite: {fileID: 21300000, guid: df2df42e51499a697b574c862dd03105, type: 3}
  - prefab: {fileID: 4518463056103231500, guid: 0a039ff30e3630cb09949cad6dce323c,
      type: 3}
    sprite: {fileID: 21300000, guid: a0feec59323b8c071ba5b9c4487b6a81, type: 3}
  - prefab: {fileID: 6353567967607363670, guid: 683e3c6e2191452b1bb238963851dd2b,
      type: 3}
    sprite: {fileID: 21300000, guid: 2e6d7419c3804eaa09fdecca20287ad5, type: 3}
  screens:
  - {fileID: 1379462570933606, guid: 2a142be553c56469f8d42576e2e6b5d1, type: 3}
  - {fileID: 1082849205252086, guid: 79fa2aae3db974a418f79407dd221a9a, type: 3}
  - {fileID: 1423457834579252, guid: 4f8c43eddf4514d01af733631558d8ef, type: 3}
  planetTypes:
  - type: 0
    ores:
    - name: Iron
      block: 4
      treshold: 0.9
    - name: Gold
      block: 5
      treshold: 0.95
    - name: Diamond
      block: 6
      treshold: 0.98
    - name: Coal
      block: 8
      treshold: 0.8
    - name: Copper
      block: 12
      treshold: 0.75
    seaLevel: 24
    atmosphereHeight: 300
    atmosphereColor: {r: 0.5707547, g: 0.8005202, b: 1, a: 0.49803922}
    groundColor: {r: 0, g: 0.5754717, b: 0.06157636, a: 1}
  - type: 1
    ores:
    - name: Iron
      block: 4
      treshold: 0.8
    - name: Gold
      block: 5
      treshold: 0.9
    - name: Copper
      block: 12
      treshold: 0.8
    seaLevel: 0
    atmosphereHeight: 200
    atmosphereColor: {r: 1, g: 0.31992877, b: 0.1273585, a: 0.69411767}
    groundColor: {r: 0.58431375, g: 0.22695614, b: 0, a: 1}
  - type: 2
    ores:
    - name: Iron
      block: 4
      treshold: 0.9
    - name: Gold
      block: 5
      treshold: 0.9
    - name: Copper
      block: 12
      treshold: 0.9
    seaLevel: 0
    atmosphereHeight: 200
    atmosphereColor: {r: 0.6862745, g: 0, b: 0, a: 0.8392157}
    groundColor: {r: 1, g: 0, b: 0, a: 1}
  extraDropItems:
  - voxelId: 2
    rarity: 0.85
    itemId: 25
    minCount: 1
    maxCount: 2
  - voxelId: 11
    rarity: 0.8
    itemId: 24
    minCount: 1
    maxCount: 1
  ship: {fileID: 1846099642286358, guid: 5f65e350d5d5da141a4393ba848a1466, type: 3}
  chunk: {fileID: 1333380369656182, guid: 31b36fe21e00df2488ec2914afee999c, type: 3}
  planet: {fileID: 1493496057300912, guid: d5b21f5cc1bcd476d829b4a469b9e8b8, type: 3}
  item: {fileID: 1898641623452978, guid: 307d56e47a945d94a9cd2885635483fd, type: 3}
  button: {fileID: 1125189256572056, guid: 02a239f11e1d5456cac454de5b6a81d1, type: 3}
  tooltip: {fileID: 8707201734342239333, guid: 72510605d4b1d02b6a823bc2ad467471, type: 3}
  tileTexture: {fileID: 2800000, guid: 3ee5bb72de934417f81a9356b6b54e88, type: 3}
  previewMaterial: {fileID: 2100000, guid: 6521c46569b6f2e42ad2c0055397fda4, type: 2}
--- !u!114 &114878926358154640
MonoBehaviour:
  m_ObjectHideFlags: 0
  m_CorrespondingSourceObject: {fileID: 0}
  m_PrefabInstance: {fileID: 0}
  m_PrefabAsset: {fileID: 0}
  m_GameObject: {fileID: 1073697454325316}
  m_Enabled: 1
  m_EditorHideFlags: 0
  m_Script: {fileID: 11500000, guid: 20af572ce39dbb449a8e68e285dfa65a, type: 3}
  m_Name: 
  m_EditorClassIdentifier: 
  playerPrefab: {fileID: 1627819252116288, guid: 4498d41a72b264c02a9e17d90dcca3c0,
    type: 3}
--- !u!114 &2597403061755763755
MonoBehaviour:
  m_ObjectHideFlags: 0
  m_CorrespondingSourceObject: {fileID: 0}
  m_PrefabInstance: {fileID: 0}
  m_PrefabAsset: {fileID: 0}
  m_GameObject: {fileID: 1073697454325316}
  m_Enabled: 1
  m_EditorHideFlags: 0
  m_Script: {fileID: 11500000, guid: 21d94f945c5be0140a8b16165ceca4df, type: 3}
  m_Name: 
  m_EditorClassIdentifier: 
  seed: 0
  planetPrefab: {fileID: 1493496057300912, guid: d5b21f5cc1bcd476d829b4a469b9e8b8,
    type: 3}
  planetCount: 3
  minDistance: 4000
  maxDistance: 12000
  maxOffset: 8000
  maxOffsetY: 3000
  minChunks: 30
  maxChunks: 100
--- !u!114 &114278849330561522
MonoBehaviour:
  m_ObjectHideFlags: 0
  m_CorrespondingSourceObject: {fileID: 0}
  m_PrefabInstance: {fileID: 0}
  m_PrefabAsset: {fileID: 0}
  m_GameObject: {fileID: 1073697454325316}
  m_Enabled: 1
  m_EditorHideFlags: 0
  m_Script: {fileID: 11500000, guid: f8258ea15b8f74c4889ce485d21cbbb1, type: 3}
  m_Name: 
  m_EditorClassIdentifier: 
  m_SceneId:
    m_Value: 0
  m_AssetId:
    i0: 0
    i1: 0
    i2: 0
    i3: 0
    i4: 0
    i5: 0
    i6: 0
    i7: 0
    i8: 0
    i9: 0
    i10: 0
    i11: 0
    i12: 0
    i13: 0
    i14: 0
    i15: 0
  m_ServerOnly: 0
  m_LocalPlayerAuthority: 0
